<?xml version="1.0" encoding="UTF-8"?>
<record xmlns="http://www.loc.gov/MARC21/slim" xmlns:xsi="http://www.w3.org/2001/XMLSchema-instance" xsi:schemaLocation="http://www.loc.gov/MARC21/slim http://www.loc.gov/standards/marcxml/schema/MARC21slim.xsd">
<leader>     nam a2200229 a 4500</leader>
<controlfield tag="001">002186296</controlfield>
<controlfield tag="003">NNU</controlfield>
<controlfield tag="005">20061010172446.0</controlfield>
<controlfield tag="008">941014s1935    mr            000 0 ara d</controlfield>
<datafield tag="035" ind1="9" ind2=" ">
<subfield code="a">NYUb11221869</subfield>
</datafield>
<datafield tag="035" ind1=" " ind2=" ">
<subfield code="a">(NNU)NYUb11221869</subfield>
</datafield>
<datafield tag="035" ind1=" " ind2=" ">
<subfield code="a">(CStRLIN)NYUG94-B47835</subfield>
</datafield>
<datafield tag="040" ind1=" " ind2=" ">
<subfield code="a">NNU</subfield>
<subfield code="c">NNU</subfield>
</datafield>
<datafield tag="050" ind1=" " ind2="4">
<subfield code="a">DT329.M6</subfield>
<subfield code="b">R33 1935</subfield>
</datafield>
<datafield tag="066" ind1=" " ind2=" ">
<subfield code="c">(3</subfield>
</datafield>
<datafield tag="090" ind1=" " ind2=" ">
<subfield code="a">DT329.M6</subfield>
<subfield code="b">R33 1935</subfield>
</datafield>
<datafield tag="100" ind1="1" ind2=" ">
<subfield code="a">Rabāṭī, Aḥmad ibn al-Ḥājj.</subfield>
</datafield>
<datafield tag="245" ind1="1" ind2="0">
<subfield code="a">Kit⁻ab al-Shum⁻us al-mun⁻irah f⁻i akhb⁻ar mad⁻inat al-Ṣuwayrah /</subfield>
<subfield code="c">taʼl⁻if Aḥmad ibn al-Ḥajj al-Rajr⁻aj⁻i al-Rab⁻aṭ⁻i.</subfield>
</datafield>
<datafield tag="260" ind1=" " ind2=" ">
<subfield code="a">al-Rab⁻aṭ :</subfield>
<subfield code="b">al-Maṭbaʻah al-Waṭan⁻iyah,</subfield>
<subfield code="c">1935.</subfield>
</datafield>
<datafield tag="300" ind1=" " ind2=" ">
<subfield code="a">93 p. ;</subfield>
<subfield code="c">25 cm.</subfield>
</datafield>
<datafield tag="651" ind1=" " ind2="0">
<subfield code="a">Essaouira (Morocco)</subfield>
<subfield code="x">Description and travel.</subfield>
</datafield>
<datafield tag="740" ind1="0" ind2=" ">
<subfield code="a">Shum⁻us al-mun⁻irah f⁻i akhb⁻ar mad⁻inat al-Ṣuwayrah.</subfield>
</datafield>
<datafield tag="OWN" ind1=" " ind2=" ">
<subfield code="a">GENERAL</subfield>
</datafield>
<datafield tag="998" ind1=" " ind2=" ">
<subfield code="e">uhol</subfield>
<subfield code="n">NNU</subfield>
<subfield code="s">1</subfield>
<subfield code="t">c</subfield>
<subfield code="z">p</subfield>
</datafield>
<datafield tag="AVA" ind1=" " ind2=" ">
<subfield code="a">NYU50</subfield>
<subfield code="b">BOBST</subfield>
<subfield code="c">Main Collection</subfield>
<subfield code="d">DT329.M6 R33 1935</subfield>
<subfield code="e">unavailable</subfield>
<subfield code="t">Unavailable</subfield>
<subfield code="f">1</subfield>
<subfield code="g">1</subfield>
<subfield code="h">N</subfield>
<subfield code="i">0</subfield>
<subfield code="j">MAIN</subfield>
<subfield code="k">0</subfield>
</datafield>
</record>
